<?xml version="1.0" encoding="UTF-8"?><collection xmlns="http://www.loc.gov/MARC21/slim"><record><leader>00484nam--2200157-i-4500</leader><controlfield tag="001">000012847</controlfield><controlfield tag="002">20161230</controlfield><controlfield tag="005">20161230201030</controlfield><controlfield tag="008">060222s1000------------r-----000-0-eng-d</controlfield><datafield ind1=" " ind2=" " tag="080"><subfield code="a">517.518.85</subfield></datafield><datafield ind1=" " ind2=" " tag="100"><subfield code="a">Bergh, Joran And Lofstrom, Jorgen</subfield></datafield><datafield ind1=" " ind2=" " tag="245"><subfield code="a">Interpolation spaces. an introduction. with 5 figures</subfield></datafield><datafield ind1=" " ind2=" " tag="260"><subfield code="a">Berlin, Springer-verlag, 1976 Vii + 204 P</subfield></datafield><datafield ind1=" " ind2=" " tag="490"><subfield code="a">Grundlehren Der Mathematischen Wissenchaften</subfield></datafield><datafield ind1=" " ind2=" " tag="852"><subfield code="a">46514</subfield><subfield code="c">515/516</subfield></datafield><datafield ind1=" " ind2=" " tag="CAT"><subfield code="a">Sys</subfield><subfield code="c">20080612</subfield><subfield code="h">131908</subfield></datafield></record></collection>